<?xml version="1.0" encoding="UTF-8"?><record xmlns="http://www.loc.gov/MARC21/slim" xmlns:cinclude="http://apache.org/cocoon/include/1.0" xmlns:zs="http://www.loc.gov/zing/srw/">
  <leader>01158nz  a2200205n  4500</leader>
  <controlfield tag="001">no2015105644</controlfield>
  <controlfield tag="003">DLC</controlfield>
  <controlfield tag="005">20150811073631.0</controlfield>
  <controlfield tag="008">150810n| azannaabn          |n aaa     c</controlfield>
  <datafield tag="010" ind1=" " ind2=" ">
    <subfield code="a">no2015105644</subfield>
  </datafield>
  <datafield tag="035" ind1=" " ind2=" ">
    <subfield code="a">(OCoLC)oca10240392</subfield>
  </datafield>
  <datafield tag="040" ind1=" " ind2=" ">
    <subfield code="a">MtU</subfield>
    <subfield code="b">eng</subfield>
    <subfield code="e">rda</subfield>
    <subfield code="c">MtU</subfield>
  </datafield>
  <datafield tag="046" ind1=" " ind2=" ">
    <subfield code="f">19580105</subfield>
    <subfield code="g">20120807</subfield>
  </datafield>
  <datafield tag="100" ind1="1" ind2=" ">
    <subfield code="a">Wilson, Marvin L.,</subfield>
    <subfield code="d">1958-2012</subfield>
  </datafield>
  <datafield tag="370" ind1=" " ind2=" ">
    <subfield code="a">Jefferson County (Tex.)</subfield>
    <subfield code="b">Huntsville (Tex.)</subfield>
    <subfield code="2">naf</subfield>
  </datafield>
  <datafield tag="375" ind1=" " ind2=" ">
    <subfield code="a">male</subfield>
  </datafield>
  <datafield tag="377" ind1=" " ind2=" ">
    <subfield code="a">eng</subfield>
  </datafield>
  <datafield tag="378" ind1=" " ind2=" ">
    <subfield code="q">Marvin Lee</subfield>
  </datafield>
  <datafield tag="670" ind1=" " ind2=" ">
    <subfield code="a">Dow, David R. In the Supreme Court of the United States, Marvin L. Wilson, petitioner, v. Rick Thaler, Director, Texas Department of Criminal Justice (Institutional Division), respondent, 2012?:</subfield>
    <subfield code="b">title page (Marvin L. Wilson)</subfield>
  </datafield>
  <datafield tag="670" ind1=" " ind2=" ">
    <subfield code="a">Texas Department of Criminal Justice website, viewed online August 5, 2015 :</subfield>
    <subfield code="b">Executed offenders ("Offender information: Name: Wilson, Marvin Lee  DOB: 1/5/58 Native County: Jefferson  State: Texas  Summary: Convicted in the shooting death of 21-year-old Jerry Robert Williams. Wilson abducted and shot Williams following a physical confrontation between the two in the 1500 block of Verone in Beaumont.  Date [of execution]: 08/07/2012")</subfield>
  </datafield>
</record>